3288 5030
1409 358 1490 366 -.-
1585 320 1857 399 37!—

667 527 732 589 p.
766 502 857 567 44
886 500 1137 587 Amph.
1169 500 1259 566 ΙΙ.
1300 503 1355 565 1.
1394 500 1477 564 79
1527 499 1651 563 sub
1696 499 1924 563 lemm.
1962 498 2167 564 blatis
2199 499 2466 564 Nonius
2500 499 2799 584 scripsit:

458 619 618 703 Qui,
690 618 971 701 malum,
1045 617 1447 702 intellegere
1520 615 1881 700 quisquam
1950 614 2127 701 potis
2202 615 2344 680 est?
2416 615 2513 681 ita
2584 637 2802 701 nugas

455 733 688 816 blatis;
735 734 907 799 Pall.
954 733 1212 797 blattis.

668 873 735 936 p.
767 850 854 913 85
887 848 1082 914 Asin.
1116 849 1243 913 ΠΙ.
1282 850 1338 913 1.
1378 848 1460 911 16
1495 846 1637 933 sub·
1668 847 1893 911 lemm.
1945 846 2232 911 casteria
2260 846 2525 911 Nonius
2568 846 2800 912 habet:

460 965 742 1052 Quispol
812 965 872 1029 si
939 963 1283 1049 repulsavi
1363 961 1553 1044 [Pall.
1610 963 1886 1049 reposui
1955 969 2072 1027 aut
2127 961 2449 1050 reposivi]
2522 986 2802 1047 remum,

457 1083 598 1146 sola
643 1102 770 1167 ago
819 1104 873 1146 e.
925 1104 985 1166 q.
1038 1103 1090 1145 8.

664 1219 728 1281 p.
783 1197 912 1261 128
969 1195 1165 1260 Asin.
1214 1196 1296 1261 V.
1345 1196 1406 1259 2.
1455 1196 1544 1259 87
1604 1194 1730 1260 8111)
1790 1195 2017 1259 10111111.
2075 1194 2451 1260 iudicatum
2508 1195 2801 1259 Nonius:

454 1313 632 1376 Male
705 1311 1091 1376 cubandum
1148 1317 1278 1375 est:
1349 1311 1727 1376 iudicatum
1785 1333 1893 1375 me
1950 1334 2123 1376 uxor
2185 1310 2374 1376 ducit
2446 1308 2636 1391 [Pall.
2686 1310 2800 1376 ab·

455 1425 662 1509 ducit]
716 1426 1009 1492 domum.

666 1566 731 1629 p.
785 1542 910 1608 139
958 1543 1113 1608 Aul.
1161 1543 1251 1608 Π.
1304 1544 1363 1608 2.
1413 1544 1498 1607 57
1569 1544 1693 1607 8111)
1750 1543 1976 1607 lemm.
2037 1542 2436 1608 mordicitus
2504 1542 2802 1608 Nonius:

454 1658 658 1724 Asini
724 1682 844 1727 me⁴
901 1658 1301 1724 mordicitus
1368 1657 1563 1741 [Pall.
1613 1657 1976 1741 mordicus]
2050 1659 2392 1743 scindant,
2441 1658 2650 1724 boves
2698 1658 2802 1723 in-

457 1782 728 1840 cursent
774 1775 1108 1841 cornibus,

664 1915 729 1978 p.
787 1892 907 1956 151
958 1891 1153 1957 Asin.
1188 1891 1314 1956 III.
1365 1893 1421 1956 1.
1462 1892 1545 1955 14
1585 1892 1710 1956 sub
1756 1892 1983 1956 lemm.
2017 1891 2463 1977 portisculum
2502 1891 2799 1956 Nonius:

450 2008 543 2072 Et
589 2031 808 2072 meam
841 2015 1109 2094 partem
1139 2004 1462 2092 loquendi
1496 2014 1564 2071 et
1595 2013 1783 2071 tuam
1815 2007 2009 2071 trado
2045 2007 2205 2071 tibi:
2241 2006 2354 2071 Ad
2387 2006 2800 2090 loquendum

452 2130 520 2186 et
567 2122 651 2187 ad
700 2123 1069 2188 tacendum
1101 2130 1177 2187 tu
1222 2131 1300 2188 ut
1344 2104 1592 2187 habeas
1640 2123 2104 2209 portisculum.
2169 2123 2338 2186 Pall.
2389 2145 2510 2208 pro
2568 2129 2646 2186 tu
2690 2129 2800 2188 ut:

432 2244 529 2329 *tu
575 2246 662 2323 te,
714 2238 892 2323 quod
939 2240 1053 2304 hic
1100 2240 1276 2304 nihil
1324 2245 1446 2303 est.
2631 2215 2636 2220 ⁸

666 2368 734 2441 Ρ.
771 2356 894 2419 151
951 2355 1146 2421 Asin.
1180 2356 1299 2421 IV.
1341 2356 1396 2420 1.
1443 2355 1529 2419 47
1579 2355 1703 2419 sub
1745 2356 1970 2420 lemm.
2020 2354 2455 2441 perpexabile
2507 2355 2802 2420 Nonius:

451 2493 574 2536 nec
608 2472 848 2540 .ullum
905 2471 1189 2538 verbum
1246 2471 1455 2537 faciat
1508 2470 1971 2559 perpexabile‚
2026 2472 2197 2536 Pall.
2246 2493 2554 2557 neque..
2584 2523 2597 2538 .
2651 2494 2801 2558 per-

450 2588 794 2672 plexibile,
844 2588 1106 2653 melius.

663 2727 728 2788 p.
789 2704 918 2767 509
976 2703 1132 2768 Aul.
1194 2704 1284 2767 Π.
1335 2704 1397 2767 4.
1452 2705 1537 2768 38
1599 2704 1724 2768 sub
1781 2704 2005 2768 lemm.
2067 2703 2647 2788 deplorabundus‚
2722 2704 2805 2769 de

448 2818 754 2883 hocloco
789 2818 872 2882 cf.
909 2841 1087 2904 supr.
1137 2855 1217 2861 —
1253 2817 1612 2882 Accedunt
1642 2819 1757 2883 hic
1805 2841 2069 2903 quoque
2116 2819 2266 2903 loci,
2321 2820 2439 2904 qui
2484 2819 2612 2883 hoc
2661 2821 2803 2886 solo

450 2933 934 3024 commentario
984 2934 1238 2998 servati
1284 2939 1471 3019 sunt,
1533 2935 1604 2998 in
1650 2934 1821 2999 Pall.
1870 2957 2011 2999 non
2058 2935 2522 3001 inveniuntur.
2621 2936 2799 3001 Sunt

446 3050 520 3114 hi
566 3049 733 3115 loci:
2728 3127 2732 3131 ,

658 3188 722 3252 p.
748 3166 839 3229 44
887 3188 969 3230 ex
1015 3165 1264 3251 Amph.
1315 3165 1438 3230 sub
1484 3167 1712 3232 lemm.
1746 3168 2080 3233 larvatus:
2130 3168 2485 3233 Larvatus
2535 3167 2802 3254 Edepol

458 3279 801 3346 hominem
849 3282 1173 3346 miserum
1218 3281 1559 3347 medicum
1606 3283 1962 3368 quaeritat.

660 3420 722 3482 p.
783 3398 906 3462 105
965 3421 1046 3462 ex
1102 3398 1353 3484 Amph.
1426 3399 1550 3465 sub
1616 3401 1841 3465 lemm.
1902 3400 2330 3465 exiuravisti:
2404 3399 2804 3464 exiuravisti

450 3510 604 3575 dixe
652 3517 720 3575 te
767 3511 939 3577 mihi
983 3537 1105 3600 per
1150 3515 1418 3579 iocum?

659 3651 724 3714 p.
771 3628 904 3692 453
952 3651 1035 3692 ex
1074 3628 1324 3717 Amph.
1374 3630 1498 3694 sub
1545 3631 1772 3695 lemm.
1823 3630 2070 3695 furem:
2120 3630 2568 3697 Manifestum
2613 3631 2798 3696 hunc

451 3739 712 3807 obtorto
765 3745 935 3809 collo
982 3751 1182 3810 teneo
1232 3745 1452 3810 furem
1497 3746 1767 3831 flagitii.

662 3880 725 3941 p.
775 3859 908 3922 454
954 3883 1037 3924 ex
1067 3849 1319 3947 Amph.
1369 3863 1492 3927 sub
1525 3864 1753 3927 lemm.
1789 3862 2092 3949 ingredi:
2139 3862 2425 3944 Nihilne
2467 3869 2535 3928 te
2568 3862 2799 3949 pudet,

448 3973 754 4055 sceleste,
801 3976 1033 4060 populi
1079 3976 1154 4040 in
1201 3985 1637 4065 conspectum
1659 4055 1662 4056 γ
1686 3979 1996 4064 ingredi?

658 4089 754 4154 Hi
823 4090 956 4154 loci
1021 4113 1252 4158 omnes
1329 4100 1397 4157 et
1443 4095 1517 4158 in
1561 4095 1733 4159 Pall.
1786 4095 2076 4160 infuisse
2133 4101 2444 4182 possunt3
2513 4094 2587 4157 in
2633 4092 2798 4158 Am-

444 4204 808 4292 phitruone
857 4206 1039 4270 enim
1085 4207 1315 4274 fabula
1359 4212 1574 4275 multa
1621 4210 1897 4294 desunt3
1949 4211 2068 4275 sed
2117 4212 2284 4297 quin
2329 4211 2403 4274 in
2435 4209 2500 4274 A
2534 4232 2799 4295 quoque

444 4321 654 4387 fuisse
686 4323 954 4409 possint
983 4347 1182 4390 nemo
1216 4324 1574 4392 dubitabit.
1639 4327 1841 4391 Nunc
1874 4333 2099 4392 autem
2131 4328 2242 4392 hic
2289 4347 2548 4409 versu8‚
2598 4348 2798 4411 quem
