3288 5030
1448 335 1838 398 „5-

687 513 956 578 Deinde
1002 512 1533 599 perquirendum
1578 511 1777 579 nobis
1826 520 1949 599 est,
1998 537 2129 600 quo
2186 513 2385 580 modo
2432 516 2697 580 Nonius
2745 515 2820 580 in

475 628 916 715 excerpendis
987 614 1490 694 commentariis
1562 629 1801 715 egerit.
1894 631 1999 695 Ac
2044 631 2343 718 primum
2391 631 2669 716 quidem
2717 631 2818 696 di-

474 744 764 809 cendum
811 752 934 829 est,
982 768 1251 832 semper
1297 745 1437 811 fere
1486 768 1565 810 ea
1596 726 2139 832 quaeencerpsit
2173 746 2610 833 exscripsisse
2641 769 2817 831 eum,

474 861 570 925 ita
613 868 691 926 ut
715 842 948 927 ⁹verba
987 884 1268 946 quoque,
1319 885 1488 946 quae
1534 861 1619 925 ad
1661 861 1849 947 prius
1881 863 2401 948 pronuntiatum
2449 863 2817 948 pertinent,

473 962 834 1042 dummodo
869 976 1107 1049 eodem
1138 1000 1342 1042 versu
1375 977 1913 1061 continerentur,
1972 1000 2102 1062 quo
2150 978 2537 1065 exemplum
2595 977 2817 1064 profe-

469 1091 758 1157 rendum
805 1092 1120 1177 dabatur,
1188 1094 1497 1178 quamvis
1545 1116 1583 1157 a
1630 1093 2015 1158 sententiae
2084 1116 2288 1158 sensu
2358 1099 2586 1158 essent
2637 1093 2815 1187 ,alie-

472 1209 773 1294 nissima,
845 1216 1074 1274 tamen
1142 1232 1284 1274 non
1367 1210 1735 1275 omitteret.
1852 1208 1988 1274 Sed
2065 1209 2193 1275 hoc
2267 1210 2342 1274 in
2419 1209 2814 1275 ineuntibus

469 1329 738 1388 tantum
784 1325 1113 1409 versibus,
1162 1348 1511 1411 nunquam
1557 1325 1632 1390 in
1680 1325 2083 1391 exeuntibus
2139 1325 2324 1391 fecit.
2391 1326 2819 1392 Sententiam

468 1446 696 1504 autem
743 1439 1127 1505 inchoatam
1173 1465 1523 1526 nunquam
1568 1442 1644 1507 in
1691 1440 1913 1506 medio
1962 1441 2186 1526 desiit,
2238 1440 2377 1506 sed
2421 1464 2674 1526 usque
2722 1440 2818 1506 ad

465 1556 788 1620 ultimum
833 1556 1119 1621 verbum
1164 1558 1468 1642 protulit,
1515 1556 1642 1622 hac
1690 1558 1765 1622 in
1809 1579 1883 1622 re
1931 1580 2007 1622 eo
2051 1581 2263 1643 usque
2306 1563 2689 1644 provectUS,
2739 1563 2817 1621 ut

464 1694 679 1736 unum
745 1695 1009 1757 quoque
1069 1673 1355 1738 verbum
1410 1674 1497 1738 ad
1541 1673 1727 1739 idem
1793 1675 2312 1760 pronuntiatum
2377 1673 2731 1760 pertinens
2780 1695 2817 1738 e

467 1789 783 1872 sequenti
841 1811 1045 1853 versu
1098 1790 1479 1874 protulerit,
1525 1796 1604 1854 ut
1649 1813 1713 1876 p.
1769 1792 1870 1854 12.
1923 1790 2120 1855 Truc.
2169 1789 2259 1855 ΙΙ.
2312 1789 2371 1854 7,
2427 1789 2706 1854 15—17.

476 1904 558 1967 15
968 1942 981 1959 ·
2061 1929 2177 1970 aec

471 2011 552 2073 16
603 2011 777 2075 Cum
822 2010 1024 2076 video
1072 2011 1240 2096 fieri,
1293 2012 1600 2095 suffuror,
1653 2012 1940 2099 suppiIO,
1987 1907 2074 2077 (Ιίἶθ
2120 2010 2370 2099 praeda
2415 2011 2749 2104 praedam⁴

470 2118 551 2180 17
601 2117 836 2203 Capio·

467 2230 588 2288 aut
632 2225 818 2289 Pers.
867 2225 958 2290 Π.
1011 2227 1067 2291 1.
1116 2227 1319 2290 2—-31

464 2332 506 2394 2
554 2331 778 2433 Nimis
826 2332 1106 2397 tandem
1153 2356 1262 2397 me
1311 2333 1586 2418 qui'dem
1631 2356 1753 2420 pro
1799 2332 2011 2399 barda
2058 2341 2126 2441 et
2172 2356 2294 2420 pro
2349 2335 2604 2399 rustica
2659 2355 2811 2399 reon

2508 2440 2811 2506 habitam

464 2528 506 2590 3
553 2527 724 2592 Esse
771 2529 891 2594 abs
938 2536 1026 2595 te.

464 2634 616 2699 alia.

678 2751 973 2817 Omnino
1021 2754 1118 2817 ita
1168 2753 1389 2817 fontes
1439 2776 1595 2819 suos
1641 2754 1905 2818 Nonius
1954 2760 2223 2818 secutus
2281 2761 2415 2837 est,
2487 2758 2566 2817 ut
2633 2776 2808 2817 nun-

465 2888 668 2951 quam
716 2866 857 2931 fere
904 2869 1266 2953 quicquam
1310 2870 1709 2951 mutaverit3
1759 2868 2068 2934 fecerunt
2128 2868 2310 2933 idem
2357 2869 2495 2933 illis
2542 2874 2802 2955 tempo-

461 2982 652 3047 ribus
701 3005 934 3047 omnes
982 2983 1123 3048 fere
1156 2985 1602 3072 gnammatici,
1654 2984 1831 3049 sicut
1864 2985 2358 3051 demonstravit
2386 2984 2806 3071 Leidolphus

459 3099 505 3163 1.
557 3121 610 3163 0.
660 3122 724 3185 p.
759 3102 908 3164 202.
1004 3077 1267 3165 Nonius
1337 3108 1562 3165 autem
1633 3106 1807 3185 erat,
1876 3107 1954 3165 ut
2024 3124 2227 3188 supra
2283 3100 2596 3186 diximuS,
2671 3107 2810 3165 tam

461 3215 711 3279 stultus
760 3222 829 3279 et
874 3214 1137 3301 fatuus,
1186 3223 1271 3281 ut
1311 3218 1385 3281 in
1433 3240 1630 3281 suum
1678 3217 2102 3282 commodum
2150 3217 2391 3282 citatas
2438 3219 2617 3283 locos
2663 3239 2810 3281 mu-

458 3331 717 3395 tavisse
765 3355 918 3396 eum
962 3332 1083 3398 vix
1131 3332 1500 3397 credamus.
1617 3324 2145 3418 Nonnumquam
2210 3339 2471 3416 tamen,
2550 3333 2671 3398 ubi
2725 3331 2813 3397 ad

461 3446 944 3512 declarandum
989 3449 1238 3513 lemma
1283 3448 1508 3534 aliqua
1561 3472 1716 3535 pars
1773 3430 2012 3514 versus
2069 3449 2236 3544 satis
2295 3472 2440 3513 esse
2499 3449 2562 3513 ei
2617 3448 2809 3513 vide-

458 3563 676 3647 batur,
727 3565 1006 3628 alteram
1051 3570 1315 3649 partem
1362 3570 1478 3628 aut
1517 3566 1845 3629 nonnulla
1889 3566 2097 3630 verba
2139 3565 2518 3630 sententiae
2566 3566 2809 3629 allatae

459 3680 712 3763 omisit,
764 3703 897 3765 qua
926 3701 1000 3743 re
1046 3678 1120 3742 in
1168 3701 1245 3743 eo
1280 3702 1541 3764 quoque
1575 3682 2080 3764 commentario,
2134 3704 2264 3765 quo
2297 3704 2458 3745 usus
2492 3681 2601 3767 sit,
2644 3681 2811 3746 haec

457 3795 670 3860 verba
715 3794 1046 3860 defecisse
1094 3795 1492 3860 concludere
1537 3818 1661 3860 nos
1707 3817 1847 3859 non
1876 3818 2072 3887 posse
2115 3804 2650 3862 consentaneum
2681 3803 2805 3862 est.

430 3911 560 3982 ,Ut
607 3912 912 3995 exempla
956 3910 1319 3998 proferam:

528 4115 533 4122 ⁸
632 4031 637 4042 “
675 4049 741 4111 p.
777 4028 905 4090 533
952 4027 1130 4093 Rud.
1163 4028 1282 4093 IV.
1316 4029 1376 4092 2.
1412 4029 1454 4091 5
1502 4027 1624 4092 sub
1672 4028 1897 4093 lemm.
1953 4023 2220 4114 „horia“
2268 4028 2532 4092 Nonius
2581 4028 2805 4094 affert:

466 4142 741 4228 „Salute
786 4143 1036 4227 horiae,
1085 4144 1258 4208 mari
1302 4140 1696 4228 fluctuoso“,
1740 4145 1860 4209 ubi
1889 4145 2174 4209 Plautus
2222 4144 2523 4231 scripsit:
2573 4144 2808 4210 Salute

457 4257 713 4343 horiae,
762 4281 929 4343 quae
976 4259 1051 4323 in
1097 4260 1269 4323 mari
1314 4260 1644 4325 fluctuoso
1666 4254 1735 4343 1).

679 4414 732 4486 1)
806 4417 905 4470 sed
943 4417 1012 4470 de
1049 4417 1159 4470 hoc
1196 4417 1322 4471 loco
1361 4417 1464 4471 cfr.
1503 4400 1661 4472 infra
1697 4437 1751 4490 p.
1790 4418 1840 4472 8.
