3288 5030
1480 396 1917 461 —20—

525 575 745 661 magis
800 574 925 640 hoc
985 599 1060 640 ee
1108 575 1357 661 dicam,
1429 575 1609 661 quod
1652 600 1694 655 ¹a
1740 577 1964 641 Nonio
2020 582 2160 640 tam
2226 582 2330 640 est
2383 577 2714 663 alienum,
2784 587 2862 645 ut

524 691 702 755 nihil
749 690 891 755 fere
940 692 1120 756 inter
1164 698 1526 776 utrumque
1575 692 1668 756 sit
1714 690 2089 757 commune.

736 829 800 893 p.
867 808 991 871 143
1051 809 1243 893 Capt.
1293 808 1419 872 III.
1471 808 1530 872 5.
1590 808 1674 870 59
1743 807 1866 872 sub
1925 809 2150 872 lemm.
2224 831 2559 895 nuperum
2629 810 2870 876 scribit

523 922 812 987 Nonius:
886 923 1112 1000 Quid?
1181 929 1259 988 tu
1316 945 1454 988 una
1506 930 1707 988 nocte
1762 924 2198 1009 postulavisti
2254 931 2322 989 et
2379 925 2526 1009 die,
2600 926 2868 991 Recens

524 1045 795 1124 captum
850 1038 1224 1124 hominem,
1290 1062 1652 1125 nuperum,
1718 1038 2107 1103 no”vicium‘?
2219 1040 2304 1103 In
2371 1041 2542 1105 Pall.
2614 1042 2870 1127 legitur

529 1160 636 1238 „et
682 1150 1103 1238 novicium“,
1179 1154 1358 1239 quod
1416 1177 1825 1239 quamquam
1889 1161 2116 1241 potest
2169 1156 2611 1241 neglegentia
2657 1157 2869 1221 Nonii

521 1276 638 1334 aut
684 1270 1091 1356 scriptorum
1138 1270 1479 1334 omissumv
1515 1293 1694 1354 esse,
1751 1279 1980 1335 tamen
2037 1271 2111 1334 in
2159 1272 2666 1355 commentariO,
2737 1296 2867 1357 quo

441 1432 444 1441 ,
519 1408 704 1450 116116
731 1372 833 1450 est
878 1386 1164 1470 Nonius,
1214 1384 1513 1450 defuisse
1559 1391 1809 1471 potest.⁴

733 1525 799 1589 p.
854 1502 979 1565 146
1026 1500 1222 1565 Asin.
1270 1501 1361 1565 ΙΙ.
1416 1503 1471 1566 1.
1525 1503 1609 1566 18
1657 1501 1780 1566 sub
1827 1501 2051 1565 lemm.
2087 1501 2522 1568 obscaevavit
2567 1504 2864 1571 Nonius:

522 1598 819 1700 [M]etu0,
871 1640 1024 1681 611111
1070 1617 1212 1685 11116
1260 1617 1696 1682 obscaevavit
1740 1633 1930 1681 meae
1977 1616 2186 1682 falsae
2233 1616 2559 1683 fallaciae.
2617 1618 2864 1695 Quam-

520 1755 722 1817 quam
777 1734 865 1797 H.
916 1732 1127 1798 tradit
1181 1739 1287 1818 „et
1331 1728 1639 1817 vocum“,
1698 1738 1954 1817 tamen,
2015 1756 2168 1798 cum
2214 1734 2319 1797 M.
2367 1733 2458 1797 sit
2520 1735 2863 1821 emissum,

517 1826 817 1912 Nonium
864 1849 961 1913 ita
1007 1848 1358 1935 scripsisse
1406 1871 1557 1913 cum
1606 1849 1968 1914 Gerlachio
2017 1849 2235 1914 credo.
2300 1850 2384 1913 In
2424 1849 2591 1913 Pall.
2636 1856 2862 1916 autem

517 1948 846 2028 traditum
878 1970 982 2028 est
1020 1958 1275 2049 „quod“
1312 1987 1433 2050 pro
1467 1982 1620 2029 cum
1655 1970 1723 2029 et
1761 1960 2223 2050 „observavit“
2248 1987 2370 2051 pro
2404 1965 2855 2052 obscaevavit,
2894 1944 2897 1959 ¹

519 2079 698 2163 quod
743 2079 856 2144 hic
901 2079 1078 2144 nihil
1126 2088 1248 2145 est.
1340 2080 1533 2144 Idem
1580 2087 1685 2145 est
1733 2080 2096 2145 dicendum
2145 2080 2230 2145 de

730 2218 796 2282 p.
851 2196 976 2260 155
1022 2195 1200 2261 Rud.
1248 2196 1374 2260 ΠΙ.
1425 2197 1485 2261 2.
1533 2197 1579 2259 4
1625 2196 1749 2262 sub
1781 2198 2007 2261 lemm.
2041 2196 2361 2283 polentia,
2409 2196 2529 2261 ubi
2560 2198 2859 2263 Nonium

516 2312 868 2396 scripsisse
916 2312 1221 2376 omnium
1269 2312 1576 2377 codicum
1610 2335 1944 2377 consensu
1976 2319 2285 2399 apparet:
2332 2314 2437 2377 Ne
2469 2314 2855 2399 ineptorum

516 2428 742 2514 potior
799 2427 889 2492 sit
957 2429 1287 2514 polentia,
1360 2451 1511 2493 cum
1579 2429 1750 2492 Pall.
1820 2428 2215 2493 exhibeant:
2295 2429 2654 2515 impiorum
2690 2479 2703 2493 .
2741 2480 2754 2493 .
2793 2480 2806 2494 .
2844 2480 2857 2493 .

515 2544 862 2630 pollentia.

687 2673 791 2746 1).
847 2661 972 2725 155
1023 2661 1220 2725 Τ1116.
1271 2662 1351 2727 V.
1408 2663 1463 2726 1.
1515 2645 1596 2725 2'1
1665 2661 1788 2726 sub
1835 2662 2057 2726 lemm.
2108 2662 2547 2747 pauxillisper
2591 2661 2856 2727 Nonius

512 2776 745 2841 habet:
794 2777 948 2863 plus
998 2776 1231 2840 decem
1277 2777 1502 2863 pondo
1550 2777 1799 2843 amoris
1832 2778 2276 2864 pauxillisper
2305 2777 2638 2863 perdidit3
2688 2778 2856 2842 Pall.

511 2872 946 2977 plus-decem
993 2893 1216 2978 pondo
1263 2894 1469 2959 moris
1516 2894 1916 2979 pausilliper
1961 2893 2291 2979 perdidit,
2359 2917 2488 2979 quo
2537 2895 2610 2958 in
2655 2916 2858 2958 versu

513 3007 718 3071 moris
765 3021 904 3072 non
972 3015 1198 3094 potest
1269 3009 1628 3095 intellegi,
1688 3016 1756 3074 et
1800 3010 2199 3095 pausilliper
2243 2992 2541 3095 propter.
2567 3014 2858 3073 metrum

513 3145 659 3186 esse
705 3145 844 3187 non
890 3130 1136 3209 potest,
1183 3130 1533 3208 praeterea
1579 3125 1838 3210 aliquid
1872 3126 2105 3190 deesse
2152 3146 2384 3188 omnes
2440 3124 2592 3190 edd.
2626 3125 2857 3190 Plauti

513 3247 1023 3323 cognoverunt,
1105 3262 1389 3323 quorum
1459 3240 1659 3305 alteri
1728 3242 1865 3306 iam
1934 3242 2049 3328 pol
2125 3248 2283 3305 ante
2359 3240 2584 3327 pondo
2646 3242 2857 3306 intro-

511 3354 869 3419 duxerunt.

510 3477 775 3531 omnibus
829 3476 1025 3530 Plauti
1063 3476 1371 3531 comoediis
1406 3477 1618 3533 inveni.
1694 3479 1893 3549 Neque
1930 3478 2005 3548 id,
2045 3479 2198 3549 quod
2234 3478 2639 3545 Fleckeisenus
2678 3496 2708 3532 e
2753 3495 2857 3531 sua

509 3566 838 3619 coniectura
872 3566 1064 3634 habet,
1102 3567 1306 3620 melius
1342 3567 1486 3621 mihi
1511 3566 1759 3638 videtur,
1787 3567 1984 3622 scribit
2021 3568 2203 3622 enim:
2243 3568 2752 3639 Halophantamne
2778 3584 2855 3619 an

509 3655 927 3724 sucophantam
965 3654 1119 3710 hunc
1155 3655 1344 3726 magis
1381 3657 1570 3711 dicam
1596 3675 1718 3711 esse
1744 3658 1951 3712 nescio,
2008 3657 2224 3711 Addito
2250 3675 2322 3711 ne
2355 3657 2608 3728 primum
2652 3655 2852 3727 pedem

510 3744 704 3813 sanari
743 3762 1091 3814 quamquam
1127 3764 1296 3799 nemo
1324 3745 1575 3817 negabit,
1615 3752 1813 3800 tamen
1857 3765 1930 3801 ne
1966 3765 2084 3801 non
2111 3754 2198 3801 est
2223 3746 2522 3814 traditum,
2561 3750 2856 3816 praeterea

510 3834 686 3887 verba
724 3833 907 3887 dicam
948 3839 1005 3888 et
1043 3852 1164 3889 esse
1202 3841 1337 3888 sunt
1373 3834 1525 3888 inter
1562 3853 1622 3889 se
1658 3836 1939 3889 mutanda
1973 3841 2030 3890 et
2067 3833 2286 3904 „hunc“
2328 3852 2358 3889 e
2395 3835 2541 3887 Pall.
2581 3833 2854 3905 recipien-

510 3923 664 3976 dum.
740 3923 1156 3994 Simpliciorem
1195 3942 1317 3977 esse
1353 3942 1542 3977 meam
1582 3925 1974 3978 coniecturam
2011 3930 2169 3995 puto,
2208 3923 2257 3976 si
2296 3922 2666 3977 commutatis
2704 3920 2857 3976 inter

511 4029 571 4065 se
597 4012 1014 4083 halophantam
1051 4018 1109 4068 et
1143 4013 1563 4084 sycophantam
1589 4013 1916 4067 scribimus:
1956 4014 2386 4083 Sycophantam
2426 4029 2502 4066 an
2539 4011 2857 4083 halophan-

507 4106 629 4154 tam
666 4101 854 4172 magis
892 4120 1013 4157 esse
1060 4102 1247 4155 dicam
1286 4102 1493 4157 nesciO.
1569 4104 1743 4156 Hunc
1806 4121 2038 4158 versum
2095 4107 2297 4155 contra
2351 4102 2540 4172 legem
2595 4117 2856 4171 pugnare

509 4189 666 4242 haud
701 4190 923 4259 ignom,
964 4210 1137 4261 quam
1174 4190 1483 4261 Ussingius
1530 4192 1671 4262 prol.
1712 4210 1764 4262 p.
1808 4192 1911 4244 184
1948 4190 2315 4262 pronuntiat3
2369 4189 2430 4243 in
2469 4196 2676 4260 quarto
2715 4188 2857 4260 pede

508 4296 804 4348 nunquam
831 4279 1126 4350 dactylum
1156 4297 1277 4333 esse
1296 4298 1478 4350 posse,
1506 4281 1659 4352 quod
1684 4280 1895 4335 vitium
1921 4280 2325 4334 Fleckeisenus
2350 4278 2520 4345 vitat,
2545 4278 2856 4349 Ussingius

507 4373 704 4421 autem
740 4368 976 4438 retinet;
1016 4368 1115 4422 sed
1151 4368 1273 4440 ipse
1310 4370 1346 4423 1.
1387 4388 1432 4424 c.
1472 4371 1737 4441 exempla
1775 4368 1973 4424 affert:
2024 4368 2182 4428 Trin.
2226 4369 2332 4422 604
2368 4367 2511 4438 Lysi
2533 4365 2546 4438 Ι
2571 4367 2689 4436 teli,
2727 4367 2853 4421 Ter.

506 4457 698 4512 Form.
738 4457 886 4513 Palli
926 4455 994 4528 Ιο
1033 4454 1197 4528 166111
1235 4458 1412 4529 pinet.
