3288 5030
1467 329 1902 391 ..381-

512 504 774 570 Nonius
822 529 886 593 p.
938 506 1023 570 76
1072 529 1155 570 ex
1201 504 1449 592 Amph.
1500 505 1624 570 sub
1671 504 1895 571 lemm.
1941 512 2296 592 praesente
2343 506 2529 591 citat,
2563 506 2637 571 in
2681 507 2851 572 Pall.

512 622 738 707 fuerit,
789 621 1238 687 dubitandum
1286 628 1407 687 est.
1524 621 1924 687 Invenimus
1973 622 2157 686 enim
2203 622 2246 687 l.
2283 645 2337 688 c.
2387 644 2689 707 versum,
2736 624 2856 708 qui

512 737 594 802 ab
641 738 726 803 A.
775 739 958 803 Maio
1007 744 1401 803 numeratur
1446 746 1524 802 ut

724 855 813 919 ΙΙ.
865 855 923 919 2.
981 854 1124 938 194,
1174 877 1213 919 a
1246 854 1551 938 GoetziO,
1586 854 1934 938 UssingiO,
1980 854 2427 920 Fleckeiseno
2461 861 2539 920 ut
2585 856 2853 941 spurius

509 969 788 1035 omnino
836 969 1194 1035 omittitur.
1287 968 1587 1035 Additus
1636 977 1741 1035 est
1786 969 1898 1034 hic
1942 992 2209 1035 versus:
2258 994 2384 1035 nec
2431 972 2614 1036 notis
2660 995 2852 1058 prae-

511 1093 703 1151 sente
750 1086 995 1171 aliquis
1045 1086 1401 1172 quisquam
1446 1086 1585 1150 nisi
1632 1108 1889 1170 servus,
1923 1087 2219 1172 primum
2251 1110 2289 1151 a
2320 1087 2446 1151 Pio
2497 1110 2572 1172 „e
2622 1086 2854 1152 codice

509 1201 921 1267 reverendae
988 1197 1192 1267 fidei“
1263 1209 1341 1267 ut
1409 1202 1579 1266 dicit
1647 1178 1835 1287 ipse.)
1930 1202 2067 1267 Sed
2120 1203 2321 1267 Pium
2390 1209 2609 1267 totum
2671 1203 2852 1269 hunc

508 1317 731 1381 locum
779 1340 862 1382 ex
906 1319 1033 1384 hoc
1079 1318 1291 1383 Nonii
1335 1319 1483 1383 loco
1532 1324 1600 1383 et
1631 1340 1715 1382 ex
1744 1316 2018 1383 Afranii
2049 1319 2377 1404 versibus,
2427 1319 2547 1403 qni
2605 1327 2673 1383 et
2716 1319 2851 1403 ipsi

510 1456 549 1497 a
592 1434 815 1498 Nonio
861 1434 974 1499 1116
1022 1433 1337 1519 citantur,
1392 1434 1867 1521 composuisse,
1918 1433 2410 1499 demonstravit
2462 1435 2847 1521 Ussingius.

510 1549 646 1614 Sed
692 1556 848 1615 utut
891 1573 999 1615 res
1070 1574 1142 1615 se
1186 1550 1411 1635 habet,
1460 1551 1606 1615 sine
1654 1551 1791 1616 ullo
1840 1550 2045 1615 dubio
2092 1551 2356 1616 Nonius
2388 1551 2463 1614 in
2509 1573 2629 1616 suo
2677 1574 2851 1616 com-

508 1667 841 1731 mentario
874 1667 996 1732 hos
1030 1690 1265 1732 versus
1299 1668 1488 1752 legit,
1539 1689 1703 1751 quos
1738 1667 1812 1730 in
1843 1667 2012 1732 Pall.
2048 1667 2272 1751 aliquo
2321 1689 2479 1730 casu
2521 1666 2854 1731 excidisse

508 1782 696 1846 nulla
743 1805 815 1846 re
863 1788 1171 1852 testatur.
1221 1828 1222 1835 κ
1269 1784 1435 1861 Quis
1482 1784 1697 1868 igitur
1743 1781 2105 1866 dubitabit,
2155 1782 2321 1867 quin
2368 1804 2450 1846 ex
2490 1783 2621 1847 alio
2662 1781 2853 1847 fonte

506 1898 809 1963 hauserit
857 1897 916 1963 is
964 1906 1471 1984 commentator,
1521 1923 1652 1984 quo
1700 1899 1963 1964 Nonius
2009 1922 2170 1964 usus
2220 1900 2362 1963 est?

722 1988 918 2066 Quod
965 1997 1192 2054 autem
1241 1989 1351 2053 hic
1400 2012 1665 2075 quoque
1713 1989 1914 2053 multi
1967 1989 2100 2053 loci
2147 1995 2335 2072 sunt,
2395 1988 2513 2072 qui
2577 2011 2663 2052 ex
2728 1989 2853 2053 hoc

507 2104 767 2169 minore
795 2105 1298 2170 'commentario
1345 2105 1602 2192 sumpti
1651 2127 1805 2169 cum
1849 2101 2002 2168 Pan
2049 2104 2514 2187 consentiunt,
2577 2103 2851 2170 demon-

507 2228 721 2286 strare
767 2221 945 2285 nihil
990 2228 1237 2308 potest,
1311 2221 1488 2306 quia,
1559 2227 1637 2285 ut
1684 2243 1888 2307 supra
1933 2220 2018 2284 de
2074 2220 2299 2305 priore
2371 2220 2852 2285 commentario

509 2337 949 2421 ostendimus,
999 2337 1065 2402 A
1113 2344 1181 2402 et
1227 2338 1378 2401 Pall
1424 2337 1499 2401 in
1543 2337 1901 2422 permultis
1957 2337 2123 2401 locis
2197 2336 2579 2401 consentire
2649 2337 2724 2401 in
2779 2359 2851 2401 re

415 2514 419 2519 Α
506 2453 658 2541 ipsa
703 2454 1002 2541 positum
1051 2460 1173 2519 est.
1269 2453 1403 2518 Hic
1452 2475 1718 2539 quoque
1788 2475 2019 2518 omnes
2093 2452 2246 2518 illos
2315 2454 2494 2518 locos
2557 2452 2858 2518 breviter

511 2570 1073 2636 enumerabimus.

613 2739 617 2744 .
725 2711 791 2774 p.
841 2688 928 2751 43
978 2686 1102 2753 sub
1148 2688 1465 2751 lemmate
1511 2707 1751 2750 verna:
1801 2683 2052 2771 Amph.
2102 2687 2155 2750 Ι.
2211 2687 2265 2750 1.
2292 2681 2492 2768 ·25.1)

726 2817 790 2881 p.
838 2795 926 2859 43
1024 2846 1053 2880 „
1271 2846 1299 2879 „
1522 2793 1919 2858 concinnas:
1969 2791 2218 2878 Amph.
2269 2795 2322 2858 Ι.
2373 2795 2433 2858 3.
2484 2795 2588 2858 31.

727 2925 790 2989 p.
838 2903 930 2967 44
1027 2953 1056 2987 „
1275 2953 1303 2987 „
1528 2901 1992 2965 calcitronem:
2041 2899 2238 2966 Asin.
2287 2900 2376 2965 H.
2427 2901 2488 2965 3.
2544 2901 2645 2965 11.

723 3033 788 3096 p.
835 3009 923 3073 45
1023 3060 1052 3094 „
1268 3060 1296 3094 „
1520 3007 1864 3072 verberas:
1914 3007 2074 3071 Aul.
2123 3008 2179 3071 Ι.
2236 3008 2290 3072 1.
2342 3009 2403 3072 3.

569 3122 576 3128 '
669 3171 670 3178 ,
721 3140 786 3204 Ρ.
833 3117 922 3181 45
1021 3167 1050 3202 „
1266 3167 1294 3201 „
1521 3136 1809 3179 cassam:
1857 3114 2013 3179 Aul.
2062 3114 2152 3177 Π.
2203 3115 2263 3178 2.
2321 3114 2422 3178 14.

727 3247 792 3311 Ρ.
846 3225 929 3288 79
1030 3275 1058 3308 „
1275 3275 1304 3308 „
1525 3221 1864 3286 baiulabo:
1912 3220 2106 3284 Asin.
2155 3221 2284 3285 III.
2335 3223 2395 3285 3.
2448 3216 2622 3303 7O.2)

724 3354 787 3418 p.
836 3332 925 3396 85
1025 3382 1053 3415 „
1270 3381 1299 3415 „
1524 3311 1992 3413 coquinatum':
2040 3327 2197 3392 Aul.
2246 3328 2373 3392 III.
2430 3329 2485 3393 1.
2535 3329 2598 3393 3.

729 3463 795 3526 Ρ.
850 3439 976 3503 112
1031 3489 1059 3522 „
1277 3488 1305 3522 „
1527 3435 1822 3500 frausus:
1870 3434 2047 3499 Asin
2092 3434 2182 3500 H.
2232 3436 2292 3500 2.
2343 3436 2446 3500 20.

723 3569 788 3631 Ρ.
844 3546 972 3610 118
1025 3596 1053 3630 „
1271 3596 1299 3630 „
1522 3563 1794 3630 gerrae:
1842 3542 2020 3607 Asin
2065 3542 2192 3607 ΙΠ.
2243 3544 2303 3607 3.
2359 3542 2460 3607 10.

728 3721 783 3787 1)
857 3719 1031 3792 Apud
1048 3721 1301 3774 Nonium
1339 3726 1397 3774 et
1434 3721 1494 3774 in
1514 3720 1661 3773 Pall.
1692 3719 1788 3772 hic
1813 3736 2014 3772 versus
2040 3724 2156 3772 est:
2196 3718 2307 3785 hic,
2347 3716 2445 3788 qui
2471 3734 2650 3771 verna
2688 3721 2862 3769 natus

514 3817 617 3880 est,
644 3810 920 3881 queritur,
949 3828 1119 3881 quem
1138 3828 1313 3881 quare
1339 3808 1720 3863 Bit-schelius:
1747 3812 1997 3878 ,‚natust,
2019 3805 2420 3878 661191161113111·ιι
2449 3805 2860 3874 emendaverit,

512 3919 629 3955 non
667 3900 959 3971 intellego.
1034 3899 1226 3954 Secuti
1267 3903 1403 3952 sunt
1440 3917 1572 3952 eum
1610 3897 2016 3951 Fleckeisenus
2055 3902 2113 3950 et
2151 3895 2478 3966 Ussingius.

726 3992 784 4056 2)
859 3990 970 4044 Η16
1009 3991 1169 4044 locus
1208 3989 1360 4060 apud
1385 3988 1641 4041 Nonium
1676 3993 1788 4041 est:
1829 3987 1954 4057 Ego
1989 3985 2275 4054 baiulabo,
2314 3990 2396 4055 tu,
2427 3989 2492 4038 ut
2518 3984 2681 4038 decet
2708 3984 2862 4037 dolo-

511 4098 670 4149 num‚
708 4084 844 4134 ante
883 4096 975 4133 me
1008 4079 1091 4134 ito
1119 4077 1324 4146 inaniS,
1363 4077 1516 4146 quod
1542 4094 1742 4130 omnes
1769 4076 1928 4130 codd.
1958 4073 2116 4127 dant.
2169 4075 2239 4127 In
2265 4074 2410 4127 Pall.
2437 4092 2541 4144 pro
2568 4073 2861 4142 dolonum,

513 4169 666 4240 quod
691 4169 837 4223 nihil
863 4175 966 4234 est,
990 4167 1288 4221 dominum
1326 4165 1670 4234 invenimus,
1709 4164 1863 4236 quod
1889 4182 2239 4235 quamquam
2272 4164 2442 4218 facile
2474 4182 2576 4234 per
2609 4180 2861 4217 errorem

513 4258 809 4330 scriptoris
845 4257 907 4311 in
946 4257 1219 4310 dolonum
1268 4255 1516 4309 transire
1561 4255 1770 4328 potuit,
1827 4259 2022 4309 tamen
2060 4253 2217 4309 haud
2254 4253 2372 4310 scio
2429 4272 2504 4330 an
2540 4253 2686 4312 Pau.
2745 4270 2863 4307 non

514 4348 830 4422 exscriptos
868 4364 990 4402 esse
1027 4345 1244 4403 doceat.
