3288 5030
1404 326 1418 338 ⁰
1449 301 1665 361 -ι-.οο.2
1760 336 1841 346 ,Δ

473 446 1189 543 Νο111113”Μὲῦᾆέ111ἱ8’ἷ“
1211 453 1234 489 ‘⁶
1272 454 1583 553 Quorum
1628 466 2023 543 testimonia
2070 479 2307 563 quanti
2356 480 2685 544 momenti
2732 479 2818 544 ad

475 592 930 658 emendandas
978 593 1332 657 Plautinas
1381 591 1757 657 comoedias
1791 593 1950 677 sint,
1998 617 2199 659 nemo
2232 593 2590 677 dubitabit,
2624 619 2815 682 prae-

475 710 708 773 sertim
760 732 913 774 cum
958 708 1033 774 hi
1082 731 1347 794 quoque
1395 707 1482 772 ad
1528 708 1938 774 vetustiores
1985 708 2209 774 fontes
2242 699 2559 776 redeant:
2606 712 2702 776 Et
2733 711 2816 776 de

471 826 680 890 Festo
731 824 1006 910 quidem
1055 830 1123 889 et
1171 848 1205 888 e
1256 846 1387 909 quo
1434 822 1622 888 fonte
1657 825 1801 889 eius
1832 826 2035 889 rivoli
2064 826 2409 910 fluxerint,
2454 827 2817 892 Eduardus

470 939 809 1027 Leidolph
858 941 1325 1025 quaestionem
1380 940 1676 1027 scripsit,
1749 963 1919 1025 quae
1967 943 2423 1029 superscripta
2470 949 2599 1008 est:
2674 943 2818 1028 „De

469 1057 669 1121 Festi
716 1063 784 1121 et
830 1057 1030 1122 Pauli
1086 1055 1252 1120 locis
1298 1051 1771 1140 Plautinis“¹),
1840 1079 1970 1143 qua
2040 1057 2552 1143 demonstravit,
2624 1060 2815 1123 illum

473 1193 508 1235 e
555 1173 797 1237 Verrio
842 1173 1091 1237 Flacco
1139 1170 1473 1255 hausisse,
1534 1173 1672 1257 qui,
1730 1195 1882 1237 cum
1953 1179 2154 1237 antea
2217 1174 2354 1238 iam
2426 1175 2817 1259 „utriusque

472 1294 746 1353 nostrae
779 1288 1156 1353 fabularum
1187 1287 1660 1352 Plautinarum
1688 1289 2107 1353 recensionis
2139 1288 2587 1354 fundamenta
2618 1313 2817 1376 quae-

471 1402 628 1467 dam
675 1398 1176 1483 extitissent“2)
1223 1402 1677 1469 Ambrosiano
1726 1427 1888 1469 usus
1938 1405 2045 1469 sit.

684 1520 947 1585 Nonius
1018 1525 1247 1584 autem
1315 1521 1677 1585 Marcellus
1746 1520 2243 1586 Tiburticensis
2302 1522 2450 1586 sive
2510 1521 2815 1586 Tibursi-

474 1634 693 1699 censis
710 1630 758 1715 3)
832 1658 964 1720 qua
1032 1636 1430 1701 recensione
1495 1635 1875 1701 fabularum
1930 1637 2400 1701 Plautinarum
2471 1661 2633 1702 usus
2704 1638 2812 1722 sit,

474 1749 548 1814 id
592 1751 863 1837 longius
920 1751 1048 1817 hac
1107 1751 1585 1817 dissertatione
1643 1776 1963 1837 quaerere
2018 1753 2192 1817 mihi
2247 1754 2586 1839 proposui.
2683 1752 2819 1819 Sed

470 1867 864 1952 priusquam
934 1867 1020 1932 ad
1089 1867 1262 1932 illud
1307 1869 1731 1956 propositum
1778 1868 2113 1953 adeamuS,
2164 1876 2363 1934 antea
2409 1869 2606 1934 nobis
2666 1892 2817 1956 per-

474 1982 881 2067 quirendum
967 1991 1110 2068 est,
1218 2007 1420 2069 quam
1488 1985 1824 2050 rationem
1895 1986 1970 2049 in
2048 1984 2533 2050 conscribendo
2619 2006 2817 2070 opere

472 2106 742 2163 secutus
791 2101 882 2165 sit
926 2099 1125 2165 homo
1173 2101 1309 2184 ille,
1375 2107 1453 2165 ut
1508 2102 1605 2165 ait
1651 2100 2009 2187 Bentlejus
2022 2096 2091 2185 4),
2164 2100 2412 2185 fatuuS,
2483 2123 2636 2165 cum
2686 2122 2815 2184 quo

473 2216 591 2299 qui
639 2216 1011 2301 comparari
1055 2223 1285 2303 posset
1330 2217 1612 2283 levitate
1647 2224 1715 2282 et
1746 2217 2149 2304 stupiditate
2179 2240 2400 2303 neque
2443 2216 2817 2300 antiquitas

470 2353 691 2415 neque
761 2338 993 2431 nostra
1061 2340 1245 2397 aetas
1314 2334 1528 2397 ullum
1597 2334 2114 2417 grammaticum
2185 2326 2478 2411 tulit“.5)
2568 2331 2665 2394 At
2735 2331 2818 2394 de

472 2446 598 2511 hac
645 2470 718 2511 re
766 2448 932 2512 satis
979 2448 1423 2536 probabiliter
1471 2449 1617 2535 egit
1663 2449 1913 2512 Paulus
1964 2446 2276 2511 Schmidt
2321 2447 2396 2510 in
2450 2445 2651 2511 libro:
2713 2445 2818 2510 De

472 2563 684 2628 Nonii
751 2564 1059 2629 Marcelli
1152 2564 1538 2630 auctoribus
1631 2559 2158 2651 grammaticis“.
2269 2563 2547 2649 Lipsiae
2622 2564 2816 2627 1868.

472 2679 581 2743 Ex
625 2678 752 2744 hoc
800 2680 994 2765 libro,
1045 2680 1223 2766 quod
1269 2681 1356 2745 ad
1399 2703 1625 2751 meum
1673 2681 2096 2770 propositum
2144 2680 2465 2767 pertinet,
2512 2680 2821 2744 breviter

475 2794 589 2859 hic
638 2819 949 2860 enarrare
997 2798 1170 2862 mihi
1215 2797 1437 2862 liceat.

685 2912 955 2976 Primus
1001 2911 1175 2978 hanc
1220 2937 1365 2978 rem
1413 2912 1784 2978 illustravit
1822 2912 2159 2976 Martinus
2191 2912 2405 2976 Hertz
2454 2912 2526 2975 in
2575 2910 2818 2974 disser-

473 3027 761 3093 tatione:
843 3028 1062 3092 Aulus
1130 3029 1395 3093 Gellius
1465 3027 1607 3092 und
1676 3028 1941 3091 Nonius
2010 3027 2371 3091 Marcellus
2441 3014 2515 3090 in
2571 3025 2817 3089 Fleck-

475 3142 698 3208 eisens
767 3144 816 3209 J
818 3143 1050 3208 ahrbb.
1107 3144 1276 3207 1862
1324 3166 1389 3229 p.
1441 3143 1478 3205 7
1482 3144 1588 3225 05,
1665 3141 1884 3226 quoad
1960 3140 2047 3206 ad
2114 3143 2410 3207 Gellium
2500 3141 2818 3227 pertinet.

475 3258 611 3323 Sed
659 3266 729 3323 et
775 3259 944 3323 alios
992 3259 1356 3345 scriptores
1406 3258 1792 3343 exscripsit,
1865 3258 2010 3321 sive
2057 3258 2252 3323 libris
2300 3258 2600 3344 ipsorum
2672 3256 2820 3321 sive

476 3374 979 3439 commentariis
1044 3397 1224 3439 usuS.
1339 3374 1662 3438 Plautum
1730 3374 1955 3459 ipsum
2027 3397 2166 3439 non
2236 3371 2629 3458 exscripsit,
2703 3371 2822 3435 sed

476 3489 737 3555 duobus
787 3513 822 3554 e
871 3490 1375 3555 commentariis
1423 3488 1681 3573 hausit,
1742 3513 2024 3574 quorum
2093 3490 2166 3554 in
2235 3490 2447 3553 altero
2518 3482 2821 3573 (majore)

689 3784 744 3850 1)
818 3782 878 3836 in
907 3781 1456 3851 „commentationes
1502 3780 1833 3853 philologae
1869 3781 1911 3836 J
1913 3797 2150 3835 enenses
2198 3785 2321 3832 tom
2359 3778 2437 3830 ΙΙ.
2468 3775 2607 3846 Lips
2631 3774 2822 3830 1883“.
2901 3820 2917 3830 .

472 3889 527 3943 p.
569 3872 870 3926 199—152.

687 3963 745 4028 2)
819 3960 977 4016 Leid.
1017 3961 1123 4015 loc.
1164 3960 1257 4014 cit.
1297 3979 1351 4031 p.
1391 3959 1511 4013 215.

687 4051 744 4118 3)
819 4050 888 4102 de
913 4050 1145 4103 nomine
1176 4055 1234 4103 et
1260 4049 1480 4119 origine
1510 4049 1613 4103 cfr.
1642 4047 2018 4103 Gerlachium
2044 4054 2101 4100 et
2126 4045 2410 4101 Rothium
2436 4044 2496 4100 in
2532 4044 2616 4099 ed.
2647 4044 2715 4097 N.
2738 4041 2817 4096 M.

473 4141 653 4210 praef.
693 4159 746 4211 p.
787 4140 903 4195 VII
941 4157 984 4192 s.
1025 4145 1082 4192 et
1121 4138 1557 4205 Quicheratium
1593 4138 1655 4192 in
1694 4138 1944 4193 editione
1980 4136 2161 4207 praef.
2198 4154 2252 4207 p.
2292 4136 2360 4191 V.

690 4230 749 4295 4)
824 4213 896 4283 aa
935 4228 1079 4284 Hor.
1120 4228 1236 4282 Sat.
1277 4227 1322 4284 Ι.
1363 4230 1415 4283 2.
1458 4229 1574 4281 129.

689 4318 746 4385 5)
821 4318 923 4372 cfr.
963 4318 1347 4372 Biichelerum
1386 4317 1595 4372 Rhein.
1634 4318 1784 4372 Mus,
1825 4316 1977 4372 XIII
2014 4336 2068 4388 p.
2109 4318 2231 4371 596.
