3288 5030
1466 344 1860 410 -7-

491 525 873 611 egurgitem
920 524 1121 605 domo
1167 519 1476 612 prorsus“
1528 548 1650 611 pro
1706 519 2018 612 „prosus“
2070 525 2145 588 in
2191 523 2257 588 A
2302 524 2580 609 tradito,
2658 524 2838 611 quod

489 641 655 706 haec
702 640 920 706 forma
968 647 1110 705 erat
1150 640 1408 737 notior3
1459 640 1580 705 sed
1609 647 1840 728 potest
1884 641 2012 706 hoc
2060 657 2206 705 esse
2237 640 2488 706 vitium
2519 640 2835 727 sciptoris

491 757 844 844 archetypi
890 757 1209 822 Noniani.

702 897 764 960 p.
812 874 945 938 210
1012 873 1198 938 Pers,
1246 874 1367 949 IV,
1415 874 1476 937 3.
1527 874 1612 937 23
1691 873 1815 938 sub
1891 873 2118 938 lemm.
2198 873 2499 955 lucrum,
2574 872 2694 937 ubi
2761 872 2838 936 in

492 990 796 1076 exemplo
851 990 1085 1075 „Nunc
1155 1012 1233 1054 ea
1295 988 1609 1074 narrabo,
1683 988 1864 1052 unde
1932 995 2010 1053 tu
2077 988 2530 1075 pergrandem
2574 989 2836 1053 lucrum

490 1101 738 1172 facias“
794 1129 871 1170 ea
916 1128 1037 1192 pro
1086 1128 1234 1170 eam
1279 1105 1527 1193 posuit,
1600 1103 1780 1190 quod
1823 1126 2093 1189 versus,
2164 1104 2238 1169 in
2286 1126 2415 1189 quo
2464 1104 2834 1169 substanti-

491 1245 650 1287 vum
701 1227 832 1307 est,
904 1221 990 1286 ad
1037 1220 1215 1305 quod
1269 1215 1490 1306 77661111ιι
1543 1219 1862 1304 refertur,
1932 1221 2046 1285 hic
2103 1220 2322 1304 abest,
2396 1242 2550 1284 cum
2618 1242 2835 1306 genus

488 1345 807 1403 neutrum
857 1333 1016 1423 „ea“
1068 1337 1216 1401 sine
1262 1337 1589 1401 relatione
1627 1326 1801 1423 ‘poni
1847 1343 2093 1420 posset.
2187 1336 2485 1400 Mutavit
2532 1343 2602 1400 et
2789 1372 2790 1381 ¹

701 1479 768 1541 p.
800 1455 934 1519 468
974 1454 1161 1519 Trin.
1196 1453 1314 1519 IV.
1363 1455 1419 1518 1.
1465 1454 1552 1516 20
1585 1453 1709 1518 sub
1744 1453 1973 1518 lemm.
2024 1446 2504 1544 „deluctavit“,
2551 1452 2670 1516 ubi
2715 1473 2836 1536 pro

487 1571 889 1658 pronomine
934 1569 1223 1634 relativo
1270 1570 1345 1633 in
1390 1592 1617 1634 versu:
1695 1569 1978 1654 „quibus
2040 1568 2381 1633 aerumnis
2430 1563 2834 1652 deluctavi“,

485 1710 861 1774 pronomen
908 1686 1544 1751 demonstrativum:
1598 1708 1793 1770 „cum
1839 1679 2065 1749 hisce“
2114 1684 2371 1771 posuit,
2418 1707 2504 1748 ne
2553 1682 2835 1748 haberet

487 1825 861 1890 pronomen
905 1803 1270 1867 relativum
1318 1803 1466 1865 sine
1512 1802 1653 1866 ulla
1697 1802 2043 1866 relatione.

702 1943 768 2006 p.
818 1920 947 1983 533
1005 1918 1199 1985 Stich
1243 1919 1332 1984 Π.
1383 1919 1443 1982 2.
1492 1918 1579 1981 42
1629 1917 1753 1982 sub
1800 1918 2024 1982 lemm.
2078 1911 2523 2001 „Cercuram“
2571 1915 2837 1980 Nonius

491 2035 788 2121 scripsit:
844 2041 1286 2122 „percunctor
1330 2029 1757 2120 portitores“,
1810 2056 1961 2098 cum
2019 2031 2282 2096 codices
2325 2031 2602 2096 tradant
2647 2052 2837 2117 „per-

488 2147 794 2235 contor“;
845 2150 965 2215 sed
1008 2151 1244 2238 paucis
1291 2149 1601 2216 versibus
1648 2154 1802 2236 post
1846 2172 1911 2214 v.
1960 2149 2051 2213 Π.
2103 2149 2163 2213 2.
2212 2148 2300 2212 46
2348 2148 2423 2211 in
2454 2148 2520 2212 A
2566 2147 2836 2212 inveni-

487 2289 638 2331 mus
688 2262 1324 2353 „percunctamur“;
1374 2265 1670 2330 mutavit
1709 2265 1943 2351 igitur,
1992 2271 2071 2330 ut
2115 2270 2400 2349 uterque
2445 2264 2631 2328 locus
2681 2285 2838 2327 con-

487 2383 794 2448 sentiret.
859 2384 1146 2456 Possum
1193 2382 1432 2447 afferre
1480 2382 1649 2447 alios
1704 2383 1912 2464 locos3
1988 2381 2108 2446 sed
2162 2381 2326 2446 satis
2380 2381 2471 2445 sit
2515 2379 2637 2445 hos
2683 2402 2837 2466 pro-

488 2499 748 2566 tulisse.
1616 2569 1629 2583 ὁ

706 2616 1035 2693 Quotiens
1082 2616 1306 2680 Nonio
1354 2596 1795 2681 occurrebant
1826 2614 2034 2681 verba
2066 2614 2396 2678 inusitata
2427 2613 2573 2679 sive
2623 2634 2839 2697 „nove

487 2726 732 2817 dicta“,
800 2739 879 2797 ut
941 2738 1094 2797 utar
1139 2731 1267 2797 hoc
1312 2733 1520 2797 Verbo
1567 2729 1914 2815 Noniano,
1992 2752 2189 2815 saepe
2235 2752 2357 2815 per
2402 2728 2840 2793 inscientiam

484 2846 657 2912 falsa
700 2848 909 2913 verba
956 2848 1249 2934 scripsit,
1297 2854 1374 2912 ut
1420 2871 1484 2934 p.
1521 2848 1671 2932 539,
1723 2847 1873 2932 540,
1922 2846 2053 2910 548
2099 2846 2173 2909 in
2220 2843 2530 2909 versibus
2578 2844 2716 2907 illis
2756 2866 2840 2907 ex

489 2962 782 3049 Epidico
832 2964 1141 3050 sumptis
1472 3045 1477 3050 Ι

702 3079 838 3145 Sed
883 3079 1008 3144 hac
1053 3080 1128 3144 in
1170 3103 1246 3144 re
1280 3080 1486 3144 etiam
1533 3080 1604 3164 ii,
1656 3079 1899 3164 quibus
1934 3077 2199 3143 codices
2234 3077 2575 3160 debemuS,
2624 3076 2841 3153 multa

484 3218 766 3282 peccare
811 3202 1181 3282 potuerunt
1228 3202 1295 3260 et
1341 3201 1819 3283 peccaverunt,
1870 3196 1965 3259 ita
2008 3200 2087 3258 ut
2135 3193 2527 3280 saepissime
2575 3216 2612 3256 e
2648 3191 2839 3277 cujus

487 3312 743 3377 calamo
810 3312 1062 3376 vitium
1110 3312 1385 3397 aliquod
1430 3312 1707 3377 fluxerit
1754 3310 2029 3375 differre
2086 3332 2224 3374 non
2280 3309 2639 3396 possimus,
2732 3309 2840 3372 Ita

484 3428 744 3492 factum
791 3434 913 3512 est,
960 3434 1038 3492 ut
1084 3434 1305 3493 totum
1363 3428 1506 3492 fere
1552 3428 1762 3493 Nonii
1808 3449 1975 3513 opus
2021 3426 2315 3512 pessime
2361 3423 2689 3489 traditum
2719 3422 2837 3487 ha-

486 3545 784 3610 beamus
862 3544 968 3609 Ne
1016 3544 1238 3608 dicam
1285 3544 1369 3608 de
1415 3544 1747 3610 varietate
1782 3541 2325 3628 orthographiae,
2375 3541 2623 3604 multos
2655 3539 2836 3603 locos

485 3660 896 3743 invenimUS,
945 3660 1020 3724 in
1067 3659 1310 3744 quibus
1359 3682 1490 3743 qua
1536 3659 1799 3723 ratione
1846 3659 1920 3721 in
1969 3656 2392 3721 emendando
2448 3657 2594 3720 loco
2641 3662 2838 3720 uten-

487 3776 652 3839 dum
699 3776 790 3841 sit
835 3775 954 3840 vix
1000 3776 1309 3840 sciamus,
1405 3775 1733 3839 Attamen
1780 3773 2023 3859 optimi
2081 3773 2331 3857 quique
2378 3770 2673 3854 codiceS,
2721 3770 2840 3854 (1111

487 3898 650 3956 sunt
719 3892 845 3957 cod
889 3892 1298 3977 Harlejanus
1349 3889 1489 3974 [H],
1563 3888 2140 3975 Guelferbytanus
2216 3886 2381 3970 [W],
2431 3886 2838 3951 Parisiensis

487 4007 615 4073 cod
645 4031 711 4072 n.
764 4009 936 4073 7667
973 4006 1093 4092 [P],
1142 4030 1547 4092 quamquam
1580 4030 1778 4093 saepe
1810 4006 1991 4070 inter
2023 4027 2093 4068 se
2127 4002 2559 4086 dissentiunt,
2609 4009 2840 4066 tamen

487 4146 722 4189 omnes
771 4147 853 4188 ex
897 4146 1034 4188 uno
1084 4122 1273 4188 fonte
1321 4122 1665 4188 derivasse
1712 4121 1886 4187 mihi
1929 4121 2283 4204 videntur,
2356 4117 2534 4204 quod
2580 4118 2839 4204 optime

488 4240 951 4305 demonstrare
999 4262 1107 4303 me
1153 4262 1352 4325 posse
1384 4245 1568 4325 putO,
1619 4239 1679 4303 si
1724 4239 1953 4324 plures
1999 4238 2181 4302 locos
2213 4235 2508 4323 pessime
2550 4234 2839 4300 traditos

487 4355 604 4422 hic
651 4378 1063 4445 componam.
1160 4354 1336 4420 Sunt
1383 4360 1610 4420 autem
1659 4376 1712 4419 e.
1758 4375 1823 4439 g.
1873 4359 2142 4440 praeter
2187 4352 2353 4418 alios
2400 4351 2502 4418 hi:
