3288 5030
464 489 625 555 dum
658 496 780 554 est.
846 491 1046 555 Certe
1091 489 1406 554 videmus
1452 490 1636 555 locos
1683 490 2031 557 Nonianos
2078 514 2216 556 non
2257 491 2533 557 fluxisse
2566 515 2600 556 6
2632 493 2802 558 Pall.

460 605 855 670 recensione
900 605 1055 669 hos:

675 745 740 807 p.
788 722 879 785 44
924 720 1172 806 Amph.
1222 721 1311 786 ΙΙ.
1348 723 1408 785 2.
1448 723 1532 786 78
1580 723 1705 787 sub
1751 724 1979 788 lemm.
2027 706 2492 809 percontarier
2534 723 2808 810 scripsit

461 837 725 901 Nonius
774 837 1086 903 omnibus
1135 836 1329 902 codd.
1365 838 1978 904 consentientibus:
2030 840 2164 917 Qui
2195 839 2373 923 istuc
2405 840 2480 903 in
2511 845 2741 903 mente
2755 833 2807 921 1)

464 959 566 1018 est
614 953 746 1018 tibi
793 976 876 1018 ex
921 976 1030 1017 1116
1050 968 1075 1037 ,·
1112 953 1209 1017 mi
1255 952 1380 1038 vir,
1428 954 1928 1039 percontarier?
1988 956 2072 1019 In
2103 956 2271 1020 Pall.
2307 962 2533 1020 autem
2566 953 2808 1018 verba:

468 1092 592 1154 „ex
638 1063 783 1132 me“
837 1068 1110 1153 desunt,
1162 1092 1331 1154 quae
1379 1092 1581 1133 versu
1625 1071 2084 1156 postulantur,
2134 1071 2315 1136 unde
2362 1077 2669 1157 apparet,
2727 1093 2809 1134 ex

459 1183 630 1249 Pall.
679 1185 789 1249 hic
815 1207 977 1273 ,non
1021 1184 1329 1249 hausisse
1374 1185 1696 1250 Nonium.
1762 1186 1939 1250 Item
1994 1185 2279 1252 verbum
2332 1209 2544 1250 unum
2606 1183 2798 1249 deest

461 1301 534 1364 in
578 1301 750 1364 Pall.
806 1301 881 1365 in
928 1302 1235 1389 exemplo

673 1440 736 1503 p.
791 1418 878 1481 44
926 1440 1008 1481 ex
1053 1416 1305 1503 Amph.
1354 1418 1443 1482 H.
1495 1419 1535 1481 2
1590 1418 1716 1482 107
1774 1417 1897 1483 sub
1953 1419 2176 1482 16111111.
2231 1416 2599 1504 prodigiali
2650 1438 2799 1502 pro-

459 1533 628 1615 lato;
681 1532 861 1616 quod
909 1538 1014 1597 est
1060 1532 1238 1618 apud
1284 1533 1609 1598 Nonium:
1659 1533 1815 1618 Sed,
1863 1534 2128 1619 mulier,
2174 1541 2533 1620 postquam
2567 1554 2797 1618 exper-

459 1654 644 1712 recta
691 1666 782 1732 es;
853 1655 921 1712 te
969 1648 1334 1735 prodigiali
1387 1649 1539 1715 Iovi
1585 1649 1729 1715 Aut
1776 1651 1953 1715 mola
2008 1650 2184 1714 salsa
2237 1648 2440 1714 hodie
2482 1653 2600 1712 aut
2653 1654 2801 1711 ture

462 1769 952 1850 comprecatam
1001 1764 1330 1850 oportuit;
1384 1788 1515 1850 qua
1560 1765 1637 1830 in
1684 1765 2027 1830 sententia
2073 1766 2148 1830 in
2194 1765 2364 1830 Pall.
2412 1763 2604 1828 deest
2649 1785 2802 1849 pro-

459 1902 708 1944 nomen
755 1886 852 1964 te,
925 1879 1104 1964 quod
1160 1904 1199 1945 a
1242 1903 1445 1945 versu
1499 1882 1820 1967 poscitur.
1913 1880 2140 1948 Verba
2199 1881 2380 1945 inter
2427 1902 2498 1944 se
2543 1886 2807 1944 mutata

461 2003 622 2061 sunt
667 1996 743 2061 in
790 1997 1096 2081 exemplo

672 2135 737 2199 p.
793 2112 883 2176 45
939 2135 1024 2176 ex
1088 2111 1282 2177 Asin.
1331 2113 1450 2179 IV.
1505 2115 1561 2178 1.
1616 2114 1708 2177 44
1769 2114 1892 2178 sub
1948 2114 2174 2177 lemm.
2230 2111 2519 2176 votitam
2577 2109 2798 2192 allate,

460 2228 580 2294 ubi
633 2228 897 2293 Nonius
955 2228 1225 2294 scribit:
1296 2230 1469 2294 Nolo
1526 2229 1715 2294 illam
1772 2251 2041 2294 causam
2096 2227 2344 2293 habere
2394 2235 2462 2290 et
2506 2225 2803 2290 votitum

462 2344 716 2428 dicere,
788 2367 939 2408 cum
995 2345 1167 2408 Pall.
1226 2344 1547 2410 habeant:
1619 2346 1793 2410 Nolo
1861 2343 2110 2410 habere
2180 2343 2388 2408 illam.
2482 2340 2798 2421 Editores

459 2459 736 2546 plurimi
814 2454 1113 2526 Acidalii
1205 2461 1662 2527 coniecturam
1753 2465 2184 2547 receperunt:
2275 2458 2463 2523 illam
2550 2455 2799 2521 habere

460 2573 747 2662 causam,
798 2600 966 2662 quae
1013 2585 1152 2641 tres
1199 2578 1524 2642 lectiones
1571 2583 1790 2642 metro
1837 2599 1974 2642 non
2020 2582 2427 2661 repugnant.

675 2717 740 2780 p.
779 2694 861 2757 76
909 2692 1104 2758 Asin.
1140 2693 1193 2757 I.
1238 2695 1299 2758 3.
1332 2694 1423 2757 44
1469 2693 1592 2758 sub
1638 2694 1864 2758 lemm.
1916 2693 2122 2757 abusa
2170 2691 2436 2756 Nonius
2501 2686 2801 2769 scripsit:

459 2808 598 2876 Ubi
653 2809 797 2894 illa,
868 2831 1036 2893 quae
1106 2809 1266 2874 dedi
1334 2811 1533 2874 ante?
1601 2846 1682 2854 —-
1754 2809 1987 2874 abusa:
2058 2807 2266 2872 nimis
2337 2829 2415 2870 ea
2483 2804 2805 2868 durarent

460 2925 650 3009 mihi,
700 2925 949 2989 Mulier
995 2926 1381 2990 mitteretur
1426 2926 1513 2990 ad
1558 2931 1655 3009 te,
1715 2949 1840 2990 nec
1894 2933 1963 2989 te
2030 2924 2389 3009 quicquam
2435 2942 2799 3006 poscerem.

459 3042 628 3106 Pall.
685 3041 866 3105 hunc
927 3064 1200 3106 versum
1256 3041 1353 3105 ita
1418 3048 1803 3124 servarunt,
1875 3047 1953 3105 ut
2023 3038 2347 3102 scribant:
2420 3036 2615 3099 illaec
2683 3054 2799 3120 pro

464 3157 599 3241 illa,
647 3179 1018 3242 numquam
1076 3178 1196 3242 pro
1244 3179 1371 3221 nec
1419 3162 1516 3240 te,
1569 3156 1750 3241 quod
1796 3156 1990 3242 peius
2048 3176 2193 3218 esse
2248 3173 2446 3216 nemo
2505 3150 2802 3235 negabit,

460 3297 618 3338 nam
666 3273 726 3337 si
771 3294 891 3358 pro
938 3272 1165 3337 nimis.

672 3413 739 3476 p.
786 3390 873 3453 86
921 3387 1078 3452 Aul.
1128 3388 1254 3452 111.
1306 3389 1365 3451 6.
1417 3389 1500 3452 27
1559 3387 1684 3452 sub
1741 3388 1966 3451 lemm.
2027 3385 2213 3450 curio
2271 3382 2451 3469 apud
2505 3381 2803 3448 Nonium

458 3507 783 3591 legimus:
831 3505 1003 3569 Volo
1052 3504 1223 3568 scire
1274 3525 1399 3589 ego
1449 3527 1531 3567 ex
1578 3510 1677 3587 te,
1736 3502 1901 3588 quid
1947 3501 2039 3566 sit
2086 3522 2300 3585 agnus
2349 3499 2565 3582 curio,
2627 3494 2806 3580 quOd

458 3627 859 3706 receperunt
891 3642 1123 3684 omnes
1149 3620 1378 3684 Plauti
1404 3619 1724 3702 editores;
1761 3624 1866 3682 est
1897 3625 2122 3682 autem
2151 3609 2225 3681 in
2248 3616 2417 3680 Pall.
2444 3612 2802 3678 traditum:

458 3737 631 3802 Volo
680 3758 807 3822 ego
857 3758 940 3800 ex
985 3742 1054 3800 te
1104 3737 1293 3802 scire.

672 3875 736 3937 p.
801 3853 928 3916 105
983 3852 1140 3917 Aul.
1196 3852 1315 3918 IV.
1382 3853 1483 3917 10.
1543 3852 1631 3916 54
1700 3851 1824 3916 sub
1893 3852 2119 3915 lemm.
2194 3844 2500 3914 exornati
2570 3842 2808 3908 scribit

459 3966 752 4033 Nonius:
823 3967 1211 4054 Repudium
1269 3968 1468 4032 rebus
1516 3968 1798 4054 paratis,
1860 3966 2207 4032 exornatis
2262 3963 2555 4049 nuptiiS,
2630 3958 2808 4046 quod

603 4240 656 4312 1)
694 4244 809 4296 Pro
848 4242 908 4296 in
945 4247 1139 4296 mente
1165 4259 1363 4296 omnes
1390 4241 1672 4296 editiones
1697 4241 2003 4295 Plautinae
2029 4243 2257 4310 praeter
2287 4236 2356 4291 A.
2387 4233 2610 4289 Maium
2640 4232 2808 4286 dant:

457 4329 517 4383 in
555 4337 808 4384 mentem
849 4338 1075 4386 secutae
1114 4332 1440 4401 analogiam
1469 4331 1683 4402 Amph.
1713 4331 1831 4399 177,
1869 4328 2080 4385 Bacch.
2110 4329 2239 4397 1583
2258 4343 2399 4380 num
2418 4324 2562 4394 iure,
2589 4321 2807 4377 dubito.
