3288 5030
1482 356 1919 421 „lo-

540 482 567 525 ι
742 535 1112 619 Postquam
1180 534 1346 599 haec
1415 533 1879 620 exposuimuS‚
1956 528 2236 598 tandem
2291 532 2378 599 ad
2451 534 2874 621 propositum

529 651 753 736 ipsum
798 652 1137 733 venimus3
1201 649 1320 714 sed
1367 656 1568 714 antea
1613 651 1862 715 iterum
1924 658 2029 716 est
2074 650 2518 735 monendum,
2575 650 2649 714 id
2695 650 2875 734 quod

529 767 667 831 iam
717 790 918 853 supra
967 767 1284 851 diximuS‚
1334 765 1592 831 duobus
1642 767 2144 832 commentariis
2191 766 2572 841 fabularum
2614 767 2872 831 Plauti-

526 906 766 947 narum
813 883 1117 948 Nonium
1162 905 1359 947 usum
1409 906 1576 948 esse.
1694 885 1867 949 Cum
1937 882 2153 969 igitur
2206 882 2356 947 fieri
2400 883 2724 969 potuerit,
2797 889 2876 949 ut

527 1000 699 1064 alter
746 1022 977 1064 eorum
1003 1022 1039 1063 e
1065 999 1459 1064 recensione
1508 999 1759 1064 codicis
1806 998 1891 1084 A,
1940 1000 2111 1063 alter
2158 1022 2193 1063 e
2238 999 2632 1063 recensione
2678 998 2873 1063 Pala-

525 1115 673 1179 tina
739 1115 1040 1200 fluxerit,
1119 1137 1319 1180 nemo
1366 1110 1648 1200 negabit
1714 1115 1839 1180 hos
1917 1116 2434 1180 commentarios
2511 1114 2876 1201 separatim

527 1231 905 1296 accuratius
981 1254 1128 1296 esse
1196 1231 1702 1317 perquirendos,
1832 1231 1967 1308 Qui
2033 1231 2166 1296 loci
2231 1231 2539 1295 Plautini
2601 1231 2875 1316 utrique

527 1347 1009 1412 commentario
1098 1348 1241 1412 sint
1325 1347 1701 1432 tribuendi,
1782 1346 2202 1413 Schmidtius
2289 1347 2786 1412 demonstravit
2799 1342 2870 1430 1).

524 1463 629 1527 De
685 1485 820 1527 uno
877 1462 1112 1528 ordine
1186 1463 1580 1528 lemmatum
1651 1463 1945 1547 dubitat,
2017 1487 2081 1550 p.
2131 1464 2283 1547 453,
2334 1464 2661 1548 23—455‚
2711 1458 2872 1543 242).

528 1578 665 1644 Sed
710 1578 883 1642 mihi
931 1578 1203 1664 quidem
1252 1579 1417 1644 haec
1466 1601 1730 1663 quoque
1780 1580 2089 1666 exempla
2136 1603 2171 1642 e
2218 1579 2481 1645 minore
2529 1579 2646 1645 isso
2694 1602 2871 1644 com-

525 1695 878 1779 mentario,
929 1695 1004 1759 in
1051 1717 1182 1780 quo
1232 1701 1375 1760 erat
1408 1696 1683 1783 Amph.‚
1730 1696 1947 1781 Asin,
1996 1695 2225 1781 Amul,
2282 1697 2574 1782 repetita
2631 1695 2870 1760 viden-

530 1817 655 1875 tur.
737 1812 913 1877 Nam
959 1820 1227 1898 praeter
1272 1812 1590 1879 ultimum
1636 1813 1885 1877 lemma
1932 1813 2238 1898 exemplo
2288 1835 2323 1876 e
2371 1814 2551 1878 Men.
2603 1817 2872 1898 sumpto

527 1927 942 1991 illustratum
989 1928 1217 1992 omnia
1263 1929 1572 2014 exempla
1627 1951 1710 1991 ex
1768 1928 1878 1992 his
1935 1927 2156 1993 tribns
2226 1927 2474 1994 fabulis
2544 1933 2731 2012 sunt3
2805 1933 2874 1991 et

524 2043 651 2108 hoc
695 2043 946 2107 lemma
991 2051 1127 2127 aut,
1180 2049 1257 2107 ut
1303 2044 1449 2129 ipse
1484 2044 1903 2110 Schmidtius
1952 2044 2283 2130 concedit,
2335 2068 2537 2129 „casu
2584 2043 2873 2129 quodam

436 2176 441 2181 ·
525 2158 751 2223 ordini
797 2159 956 2223 huic
1003 2166 1335 2224 assertum
1380 2156 1567 2225 esse“
1615 2138 1860 2247 potest,
1911 2167 2046 2246 aut,
2095 2160 2274 2245 quod
2319 2160 2492 2225 mihi
2536 2158 2872 2226 verisimi-

521 2275 655 2339 lius
704 2282 834 2358 est,
884 2276 1197 2359 sequenti
1265 2275 1491 2341 ordini
1544 2276 2056 2342 attribuendum
2127 2283 2257 2361 est,
2330 2277 2448 2361 qui
2516 2299 2552 2340 e
2620 2275 2874 2340 maiore

384 2412 401 2429 ·
525 2391 1005 2456 commentario
1054 2393 1430 2478 exscriptus
1480 2398 1600 2456 est.
1698 2392 1919 2469 Quare
1976 2392 2060 2457 de
2108 2393 2214 2457 his
2264 2392 2497 2457 decem
2544 2391 2872 2477 exemplis

523 2531 742 2594 agam,
769 2508 851 2582 *si
898 2507 982 2573 de
1029 2508 1289 2574 minore
1337 2509 1821 2575 commentario
1883 2509 2291 2596 perquiram.
2384 2508 2695 2573 Primum
2742 2506 2871 2592 igi-

524 2631 637 2691 tur
682 2624 1077 2693 tractandus
1125 2631 1230 2693 est
1354 2636 1358 2640 “

808 3004 879 3083 Ι.
968 3000 1673 3085 Commentarius
1730 2975 1982 3105 prior
2038 3002 2226 3085 sive
2283 3000 2593 3082 maior.

738 3165 825 3229 In
870 3163 998 3229 hoc
1046 3167 1527 3231 commentario
1584 3165 1873 3230 infuisse
1939 3163 2109 3228 dicit
2156 3161 2576 3229 Schmidtius
2641 3183 2875 3225 omnes

525 3279 788 3345 fabulas
834 3281 1293 3346 Varronionas
1308 3276 1361 3365 ³)
1431 3305 1594 3367 quas
1642 3288 1919 3365 vocant,
1984 3287 2051 3345 et
2096 3279 2277 3364 illas,
2325 3301 2495 3363 quae
2541 3300 2878 3361 nusquam

524 3397 670 3461 loco
716 3397 1036 3482 primario
1085 3399 1487 3485 afferuntur,
1558 3398 2072 3481 Mostellariam,
2129 3397 2602 3479 Mercatorem‚
2659 3393 2876 3459 Vidu-

526 3513 784 3579 lariam.
903 3514 1039 3581 Sed
1112 3516 1233 3581 has
1304 3522 1442 3581 tres
1513 3515 1832 3601 equidem
1900 3511 2152 3577 afuisse
2220 3519 2415 3599 put0‚
2487 3510 2665 3596 quod
2711 3509 2877 3594 quin

524 3630 808 3714 Nonius,
885 3630 946 3694 si
993 3632 1377 3717 affuissent,
1428 3656 1511 3697 ex
1556 3632 1667 3696 his
1716 3652 1979 3716 quoque
2046 3630 2230 3693 locos
2281 3621 2622 3693 'allaturus
2668 3624 2878 3688 fuerit

524 3764 665 3811 non
698 3745 962 3830 dubit03
1013 3771 1171 3813 nam
1204 3772 1409 3834 quare
1456 3750 1530 3813 in
1581 3754 1771 3814 tanto
1803 3747 1975 3811 libro
2006 3745 2128 3810 has
2176 3743 2553 3810 comoedias
2600 3741 2877 3806 omnino

524 3863 925 3948 neglexerit,
976 3865 1127 3949 quis
1177 3872 1308 3950 est,
1358 3866 1476 3950 qui
1523 3864 1923 3947 intellegat?
1991 3860 2289 3926 Infuisse
2358 3860 2434 3923 in
2488 3859 2628 3923 illis
2675 3859 2875 3940 locOS,

526 3979 771 4062 quibus
817 3980 922 4043 uti
967 3981 1221 4066 potuit,
1294 3981 1458 4046 inde
1532 3985 1852 4068 apparet,
1924 3976 2103 4062 quod
2172 3977 2480 4063 exempla
2526 3972 2880 4040 subseciva

744 4210 799 4277 1)
872 4211 908 4263 l.
949 4228 994 4264 0.
1033 4230 1088 4282 p.
1131 4211 1359 4268 18—24.

741 4297 798 4367 2)
870 4298 974 4354 cfr.
1013 4301 1049 4353 1.
1091 4318 1137 4354 0.
1176 4319 1231 4371 p.
1270 4301 1355 4354 37.

742 4387 799 4457 3)
873 4389 907 4442 l.
951 4407 995 4446 0.
1034 4408 1088 4460 p.
1127 4391 1215 4458 37„
